@misc{forste2014,
  title = {{{EIGEN}}-{{6C4 The}} Latest Combined Global Gravity Field Model Including {{GOCE}} Data up to Degree and Order 2190 of {{GFZ Potsdam}} and {{GRGS Toulouse}}},
  language = {eng},
  howpublished = {https://doi.org/10.5880/icgem.2015.1},
  journal = {GFZ Data Services},
  author = {F{\"o}rste, Christoph and Bruinsma, Sean.L. and Abrikosov, Oleg and Lemoine, Jean-Michel and Marty, Jean Charles and Flechtner, Frank and Balmino, G. and Barthelmes, F. and Biancale, R.},
  year = {2014},
  doi = {10.5880/icgem.2015.1}
}

@article{wessel2013,
  title = {Generic {{Mapping Tools}}: {{Improved Version Released}}},
  volume = {94},
  issn = {2324-9250},
  shorttitle = {Generic {{Mapping Tools}}},
  doi = {10.1002/2013EO450001},
  number = {45},
  journal = {Eos, Transactions American Geophysical Union},
  author = {Wessel, Paul and Smith, Walter H. F. and Scharroo, Remko and Luis, Joaquim and Wobbe, Florian},
  year = {2013},
  pages = {409-410},
}

@InProceedings{ uieda2013,
  author    = { Leonardo Uieda and Vanderlei C. Oliveira{ }Jr and Val\'eria C. F. Barbosa },
  title     = { Modeling the {{Earth}} with {{Fatiando a Terra}} },
  booktitle = { Proceedings of the 12th Python in Science Conference },
  pages     = { 96 - 103 },
  year      = { 2013 },
  editor    = { St\'efan van der Walt and Jarrod Millman and Katy Huff }
}

@book{kellogg1929,
  author = {Kellogg, O. D.},
  Title = {Foundations of Potential Theory},
  Publisher = {Frederick Ungar Publishing Company},
  Year = {1929}
}

@article{hammer1945,
    author = {Sigmund Hammer},
    title = {Estimating ore masses in gravity prospecting},
    journal = {Geophysics},
    volume = {10},
    number = {1},
    pages = {50-62},
    year = {1945},
    doi = {10.1190/1.1437147}
}

@article{skeels1947,
    author = {D. C. Skeels},
    title = {Ambiguity in gravity interpretation},
    journal = {Geophysics},
    volume = {12},
    number = {1},
    pages = {43-56},
    year = {1947},
    doi = {10.1190/1.1437295}
}

@article{henderson-zietz1949,
    author = {Roland G. Henderson and Isidore Zietz},
    title = {The upward continuation of anomalies in total magnetic intensity fields},
    journal = {Geophysics},
    volume = {14},
    number = {4},
    pages = {517-534},
    year = {1949},
    doi = {10.1190/1.1437560}
}

@article{garland1951,
    author = {G. D. Garland},
    title = {Combined analysis of gravity and magnetic anomalies},
    journal = {Geophysics},
    volume = {16},
    number = {1},
    pages = {51-62},
    year = {1951},
    doi = {10.1190/1.1437650}
}

@article{baranov1957,
    author = {Baranov, V.},
    title = {A new method for interpretation of aeromagnetic maps: Pseudo-gravimetric anomalies},
    journal = {Geophysics},
    volume = {22},
    number = {2},
    pages = {359-382},
    year = {1957},
    doi = {10.1190/1.1438369}
}

@article{henderson1960,
    author = {Roland G. Henderson},
    title = {A comprehensive system of automatic computation in magnetic and gravity interpretation},
    journal = {Geophysics},
    volume = {25},
    number = {3},
    pages = {569-585},
    year = {1960},
    doi = {10.1190/1.1438736}
}

@article {danes1962,
    author = {Dane\v{s}, Z. F.},
    title = {Structure calculations from gravity data and density logs},
    journal = {Transactions of the Society of Mining Engineers of AIME},
    volume = {223},
    pages = {23-29},
    year = {1962}
}

@article{roy1962,
    author = {Roy, A.},
    title = {Ambiguity in geophysical interpretation},
    journal = {Geophysics},
    volume = {27},
    number = {1},
    pages = {90-99},
    year = {1962},
    doi = {10.1190/1.1438985}
}

@article{bhattacharyya1964,
    author = {Bhattacharyya, B. K.},
    title = {Magnetic anomalies due to prism-shaped bodies with arbitrary polarization},
    journal = {Geophysics},
    volume = {29},
    number = {4},
    pages = {517-531},
    year = {1964},
    doi = {10.1190/1.1439386}
}

@article {lafehr1965,
    author = {LaFehr, T. R.},
    title = {The estimation of the total amount of anomalous mass by Gauss's theorem},
    journal = {Journal of Geophysical Research},
    volume = {70},
    number = {8},
    doi = {10.1029/JZ070i008p01911},
    pages = {1911-1919},
    year = {1965}
}


@article {zidarov1965,
   author = {Zidarov, D.},
   title = {Solution of some inverse problems of applied gephysics},
   journal = {Geophysical Prospecting},
   volume = {13},
   number = {2},
   doi = {10.1111/j.1365-2478.1965.tb01932.x},
   pages = {240-246},
   year = {1965}
}

@article{bhattacharyya1967,
    author = {Bhattacharyya, B. K.},
    title = {Some general properties of potential fields in space and frequency domain: a review},
    journal = {Geoexploration},
    volume = {5},
    pages = {127-143},
    year = {1967},
    doi = {10.1016/0016-7142(67)90021-X}
}

@article {bott1967,
    author = {Bott, M. H. P.},
    title = {Solution of the Linear Inverse Problem in Magnetic Interpretation with Application to Oceanic Magnetic Anomalies},
    journal = {Geophysical Journal of the Royal Astronomical Society},
    volume = {13},
    number = {1-3},
    doi = {10.1111/j.1365-246X.1967.tb02162.x},
    pages = {313-323},
    year = {1967}
}

@book{heiskanen-moritz1967,
	location = {San Francisco},
	title = {Physical Geodesy},
	isbn = {978-0-7167-0233-7},
	publisher = {W.H. Freeman and Company},
	author = {Heiskanen, Weikko A. and Moritz, Helmut},
	year = {1967}
}

@article{dampney1969,
    author = {Dampney, C. N. G.},
    title = {The equivalent source technique},
    journal = {Geophysics},
    volume = {34},
    number = {1},
    pages = {39-53},
    year = {1969},
    doi = {10.1190/1.1439996}
}

@article{henderson1970,
    author = {Roland G. Henderson},
    title = {ON THE VALIDITY OF THE USE OF THE UPWARD CONTINUATION INTEGRAL FOR TOTAL MAGNETIC INTENSITY DATA},
    journal = {Geophysics},
    volume = {35},
    number = {5},
    pages = {916-919},
    year = {1970},
    doi = {10.1190/1.1440137}
}

@article{cordell1971,
    author = {Lindrith Cordell and Patrick T. Taylor},
    title = {Investigation of magnetization and density of a north Atlantic seamount using Poisson’s theorem},
    journal = {Geophysics},
    volume = {36},
    number = {5},
    pages = {919-937},
    year = {1971},
    doi = {10.1190/1.1440224}
}

@article {bott-ingles1972,
    author = {Bott, M. H. P. and Ingles, A.},
    title = {Matrix Methods for Joint Interpretation of Two-dimensional Gravity and Magnetic Anomalies with Application to the Iceland-Faeroe Ridge},
    journal = {Geophysical Journal of the Royal Astronomical Society},
    volume = {30},
    number = {1},
    doi = {10.1111/j.1365-246X.1972.tb06179.x},
    pages = {55-67},
    year = {1972}
}

@article{emilia1973,
    author = {Emilia, D. A.},
    title = {Equivalent sources used as an analytic base for processing total magnetic field profiles},
    journal = {Geophysics},
    volume = {38},
    number = {2},
    pages = {339-348},
    year = {1973},
    doi = {10.1190/1.1440344}
}

@article{marussi1974,
	author = {A. Marussi and H. Moritz and R. H. Rapp and R. O. Vicente},
    title = {Ellipsoidal density models and hydrostatic equilibrium: Interim report},
    journal = {Physics of the Earth and Planetary Interiors},
    volume = {9},
    number = {1},
    pages = {4-6},
    year = {1974},
    issn = {0031-9201},
    doi = {10.1016/0031-9201(74)90073-9},
    url = {http://www.sciencedirect.com/science/article/pii/0031920174900739}
}

@article{gunn1975,
    author = {Gunn, P. J.},
    title = {LINEAR TRANSFORMATIONS OF GRAVITY AND MAGNETIC FIELDS},
    journal = {Geophysical Prospecting},
    volume = {23},
    number = {2},
    doi = {10.1111/j.1365-2478.1975.tb01530.x},
    pages = {300-312},
    year = {1975}
}

@TechReport{soler1976,
    author = {Tomas Soler},
    title = {On differential transformations between Cartesian and curvilinear
    (geodetic) coordinates},
    institution = {Ohio State University},
    year = {1976},
    OPTkey = {•},
    OPTtype = {Reports of the department of Geodetic Science},
    OPTnumber = {236},
    OPTaddress = {Columbus, Ohio},
    OPTmonth = {•},
    OPTnote = {Prepared for the National Aeronautics and Space Administration}
}


@article{parker1977,
    author = {Parker, R. L.},
    title = {Understanding Inverse Theory},
    journal = {Annual Review of Earth and Planetary Sciences},
    volume = {5},
    number = {1},
    pages = {35-64},
    year = {1977},
    doi = {10.1146/annurev.ea.05.050177.000343}
}

@book{tikhonov-arsenin1977,
  author = {Tikhonov, A. N. and Arsenin, V. Y.},
  Title = {Solutions of ill-posed problems},
  Publisher = {V. H. Winston \& Sons},
  Year = {1977},
  ISBN = {0470991240}
}

@book{twomey1977,
  author = {S. Twomey},
  Title = {Introduction to the Mathematics of Inversion in Remote Sensing and Indirect Measurements},
  Publisher = {Dover Publications, Inc.},
  Year = {1977},
  ISBN = {0486694518}
}

@article{bhattacharyya-chan1977,
    author = {Bhattacharyya, B. K. and Chan, K. C.},
    title = {Reduction of magnetic and gravity data on an arbitrary surface acquired in a region of high topographic relief},
    volume = {42},
    number = {7},
    pages = {1411-1430},
    year = {1977},
    doi = {10.1190/1.1440802},
    journal = {Geophysics}
}

@book{goldstein1980,
  Author = {Goldstein, H. and Poole Jr., C. P. and Safko, J. L.},
  Title = {Classical mechanics},
  Publisher = {Addison-Wesley},
  edition = 3,
  Year = {1980},
  ISBN = {0201657023}
}

@article{chandler1981,
    author = {V. W. Chandler and J. S. Koski and W. J. Hinze and L. W. Braile},
    title = {Analysis of multisource gravity and magnetic anomaly data sets by moving‐window application of Poisson’s theorem},
    journal = {Geophysics},
    volume = {46},
    number = {1},
    pages = {30-39},
    year = {1981},
    doi = {10.1190/1.1441136}
}

@article{vonfrese-etal1981,
    author = "Von Frese, R. R. B. and Hinze, W. J. and Braile, L. W.",
    title = "Spherical earth gravity and magnetic anomaly analysis by equivalent point source inversion ",
    journal = "Earth and Planetary Science Letters ",
    volume = "53",
    number = "1",
    pages = "69-83",
    year = "1981",
    doi = "10.1016/0012-821X(81)90027-3"
}

@article {mayhew1982,
    author = {Mayhew, M. A.},
    title = {Application of satellite magnetic anomaly data to Curie isotherm mapping},
    journal = {Journal of Geophysical Research: Solid Earth},
    volume = {87},
    number = {B6},
    doi = {10.1029/JB087iB06p04846},
    pages = {4846-4854},
    year = {1982}
}

@article{silva1984,
    author = {J. B. C. Silva and Gerald W. Hohmann},
    title = {Airborne magnetic susceptibility mapping},
    journal = {Exploration Geophysics},
    volume = {15},
    number = {1},
    pages = {1-13},
    year = {1984},
    doi = {10.1071/EG984001}
}

@article{hansen-miyazaki1984,
    author = {R. O. Hansen and Y. Miyazaki},
    title = {Continuation of potential fields between arbitrary surfaces},
    journal = {Geophysics},
    volume = {49},
    number = {6},
    pages = {787-795},
    year = {1984},
    doi = {10.1190/1.1441707}
}

@techreport{forsberg1984,
  title={A study of terrain reductions, density anomalies and geophysical inversion methods in gravity field modelling},
  author={Forsberg, Rene},
  year={1984},
  institution={DTIC Document}
}

@article{silva1986,
    author = {Silva, J. B. C.},
    title = {Reduction to the pole as an inverse problem and its application to low-latitude anomalies},
    journal = {Geophysics},
    volume = {51},
    number = {2},
    pages = {369-382},
    year = {1986},
    doi = {10.1190/1.1442096}
}

@book{vanicek1987,
  Author = {P. Van\'{i}\v{c}ek and E. J. Krakiwsky},
  Title = {Geodesy: The Concepts, Second Edition},
  Publisher = {Elsevier Science},
  Year = {1987},
  ISBN = {0444877770}
}

@article{leao-silva1989,
    author = {Le\~{a}o, J. W. D and Silva, J. B. C.},
    title = {Discrete linear transformations of potential field data},
    journal = {Geophysics},
    volume = {54},
    number = {4},
    pages = {497-507},
    year = {1989},
    doi = {10.1190/1.1442676}
}

@book{menke1989,
  Author = {Willian Menke},
  Title = {Geophysical data analysis: Discrete inverse theory},
  Publisher = {Academic Press, Inc.},
  Year = {1989},
  ISBN = {0-12-490921-3}
}

@article{pilkington-urquhart1990,
    author = {Mark Pilkington and W. E. S. Urquhart},
    title = {Reduction of potential field data to a horizontal plane},
    journal = {Geophysics},
    volume = {55},
    number = {5},
    pages = {549-555},
    year = {1990},
    doi = {10.1190/1.1442866}
}

@article{xia-sprowl1991,
    author = {J. Xia and D. R. Sprowl},
	title = {Correction of topographic distortion in gravity data},
    journal = {Geophysics},
    volume = {56},
    number = {4},
    doi = {10.1190/1.1443070},
    pages = {537-541},
    year = {1991}
}


@article{lafehr1991,
    author = {T. R. LaFehr},
    title = {Standardization in gravity reduction},
    journal = {Geophysics},
    volume = {56},
    number = {8},
    pages = {1170-1178},
    year = {1991},
    doi = {10.1190/1.1443137}
}

@article{pedersen1991,
    author = {L. B. Pedersen},
    title = {Relations between potential fields and some equivalent sources},
    journal = {GEOPHYSICS},
    volume = {56},
    number = {7},
    pages = {961-971},
    year = {1991},
    doi = {10.1190/1.1443129}
}

@article{cordell1992,
    author = {Lindrith Cordell},
    title = {A scattered equivalent-source method for interpolation and gridding of potential-field data in three dimensions},
    journal = {GEOPHYSICS},
    volume = {57},
    number = {4},
    pages = {629-636},
    year = {1992},
    doi = {10.1190/1.1443275}
}

@phdthesis{mendonca1992,
  author       = {Mendon\c{c}a, C. A.},
  title        = {Interpola\c{c}\~{a}o de dados de campo potencial atrav\'{e}s da camada equivalente},
  school       = {Universidade Federal do Par\'{a}},
  year         = 1992,
  address      = {Bel\'{e}m do Par\'{a}, Brazil}
}

@book{numerical-recipes1992,
  Author = {William H. Press and Brian P. Flannery and Saul A. Teukolsky and William T. Vetterling},
  Title = {Numerical Recipes in C: The Art of Scientific Computing, Second Edition},
  Publisher = {Cambridge University Press},
  Year = {1992},
  ISBN = {0521431085}
}

@article{xia-etal1993,
    author = {Xia, Jianghai and Sprowl, Donald R. and Adkins-Heljeson, Dana},
    title = {Correction of topographic distortions in potential-field data; a fast and accurate approach},
    volume = {58},
    number = {4},
    pages = {515-523},
    year = {1993},
    doi = {10.1190/1.1443434},
    journal = {GEOPHYSICS}
}

@article{pawlowski1994,
    author = {Robert S. Pawlowski},
    title = {Green’s equivalent-layer concept in gravity band‐pass filter design},
    journal = {GEOPHYSICS},
    volume = {59},
    number = {1},
    pages = {69-76},
    year = {1994},
    doi = {10.1190/1.1443535}
}

@article{mendonca-silva1994,
    author = {Mendon\c{c}a, C. A. and Silva, J. B. C.},
    title = {The equivalent data concept applied to the interpolation of potential field data},
    journal = {GEOPHYSICS},
    volume = {59},
    number = {5},
    pages = {722-732},
    year = {1994},
    doi = {10.1190/1.1443630}
}

@article{mendonca-silva1995,
    author = {Mendon\c{c}a, C. A. and Silva, J. B. C.},
    title = {Interpolation of potential‐field data by equivalent layer and minimum curvature: A comparative analysis},
    journal = {GEOPHYSICS},
    volume = {60},
    number = {2},
    pages = {399-407},
    year = {1995},
    doi = {10.1190/1.1443776}
}

@book{blakely1996,
  Author = {Richard J. Blakely},
  Title = {Potential Theory in Gravity and Magnetic Applications},
  Publisher = {Cambridge University Press},
  Year = {1996},
  ISBN = {0521575478}
}

@article{chapin1996,
    author = {David A. Chapin},
    title = {The theory of the Bouguer gravity anomaly: A tutorial},
    journal = {The Leading Edge},
    volume = {15},
    number = {5},
    pages = {361-363},
    year = {1996},
    doi = {10.1190/1.1437341}
}

@book{langel-hinze1998,
  Author = {R. A. Langel and W. J. Hinze},
  Title = {The Magnetic Field of the Earth's Lithosphere: The Satellite Perspective},
  Publisher = {Cambridge University Press},
  Year = {1998},
  ISBN = {0521473330}
}

@book{jeffreys-jeffreys2000,
   title =     {Methods of Mathematical Physics},
   author =    {H. Jeffreys and B. Jeffreys},
   publisher = {Cambridge University Press},
   isbn =      {978-0-521-66402-8},
   year =      {2000},
   series =    {Cambridge Mathematical Library},
   edition =   {3ed.}
}

@article{nagy-etal2000,
    author={Nagy, D. and Papp, G. and Benedek, J.},
    title={The Gravitational Potential and its Derivatives for the Prism},
    journal={Journal of Geodesy},
    year={2000},
    volume={74},
    number={7-8},
    pages  = {311-326},
    doi={10.1007/s001900000116}
}

@article{glennie-etal2000,
    author={Glennie, C. L. and Schwarz, K. P. and Bruton, A. M. and Forsberg, R. and Olesen, A. V. and Keller, K.},
    title={A comparison of stable platform and strapdown airborne gravity},
    year={2000},
    journal={Journal of Geodesy},
    volume={74},
    number={5},
    pages={383-389},
    doi={10.1007/s001900000082}
}

@article{li2001,
    author = {Li, Xiong and G\"{o}tze, Hans-J\"{u}rgen},
    title = {Ellipsoid, geoid, gravity, geodesy, and geophysics},
    volume = {66},
    number = {6},
    pages = {1660-1668},
    year = {2001},
    doi = {10.1190/1.1487109},
    journal = {Geophysics}
}

@article{fairhead2003,
    author = {J. Derek Fairhead and Christopher M. Green and Denizar Blitzkow},
    title = {The use of GPS in gravity surveys},
    journal = {The Leading Edge},
    volume = {22},
    number = {10},
    pages = {954-959},
    year = {2003},
    doi = {10.1190/1.1623636}
}

@article{hackney-featherstone2003,
    author = {Hackney, R. I. and Featherstone, W. E.},
    title = {Geodetic versus geophysical perspectives of the ‘gravity anomaly’},
    volume = {154},
    number = {1},
    pages = {35-43},
    year = {2003},
    doi = {10.1046/j.1365-246X.2003.01941.x},
    journal = {Geophysical Journal International}
}

@book{seeber2003,
	edition = {2},
	title = {Satellite {Geodesy}},
	isbn = {3-11-017549-5},
	publisher = {de Gruyter},
	author = {Seeber, Günter},
	year = {2003}
}

@inproceedings{boggs-dransfield2004,
  title = {Analysis of errors in gravity derived from the Falcon airborne gravity gradiometer},
  booktitle = { ASEG-PESA Airborne Gravity 2004 Workshop},
  author = {Boggs, D.B. and Dransfield, M.H.},
  publisher = {Geoscience Australia Record},
  year = {2004},
  pages = {135-141},
  file = {}
}

@inproceedings{lane2004,
  title = {Integrating ground and airborne data into regional gravity compilation},
  timestamp = {},
  booktitle = {ASEG-PESA Airborne Gravity 2004 Workshop},
  author = {R. Lane},
  publisher = {Geoscience Australia Record},
  year = {2004},
  pages = {81-97},
  file = {}
}

@article{mendonca2004,
    author = {Carlos Alberto Mendon\c{c}a},
    title = {Automatic determination of the magnetization–density ratio and magnetization inclination from the joint interpretation of 2D gravity and magnetic anomalies},
    journal = {GEOPHYSICS},
    volume = {69},
    number = {4},
    pages = {938-948},
    year = {2004},
    doi = {10.1190/1.1778237}
}

@book{boyd-vander2004,
    author = {Stephen Boyd and Lieven Vandenberghe},
    title = {Convex optimization},
    publisher = {Cambridge University Press},
    year = {2004},
    isbn = {0521833787}
 }

@book{aster-etal2005,
  Author = {Richard C. Aster and Brian Borchers and Clifford H. Thurber},
  Title = {Parameter Estimation and Inverse Problems (International Geophysics)},
  Publisher = {Academic Press},
  Year = {2005},
  ISBN = {0120656043}
}

@article{hinze2005,
    author = {William J. Hinze and Carlos Aiken and John Brozena and Bernard Coakley and David Dater and Guy Flanagan and     Ren\'{e} Forsberg and Thomas Hildenbrand and G. Randy Keller and James Kellogg and Robert Kucks and Xiong Li and Andre Mainville and Robert Morin and Mark Pilkington and Donald Plouff and Dhananjay Ravat and Daniel Roman and Jamie Urrutia-Fucugauchi and Marc V\'{e}ronneau and Michael Webring and Daniel Winester},
    title = {New standards for reducing gravity data: The North American gravity database},
    journal = {Geophysics},
    volume = {70},
    number = {4},
    pages = {J25-J32},
    year = {2005},
    doi = {10.1190/1.1988183}
}

@book{hofmann-wellenhof-moritz2005,
  Author = {Bernhard Hofmann-Wellenhof and Helmut Moritz},
  Title = {Physical Geodesy},
  Publisher = {Springer},
  Year = {2005},
  ISBN = {3211235841}
}

@article{nabighian-etal2005-grav,
    author = {M. N. Nabighian and M. E. Ander and V. J. S. Grauch and R. O. Hansen and T. R. LaFehr and Y. Li and W. C. Pearson and J. W. Peirce and J. D. Phillips and M. E. Ruder},
    title = {Historical development of the gravity method in exploration},
    journal = {GEOPHYSICS},
    volume = {70},
    number = {6},
    pages = {63ND-89ND},
    year = {2005},
    doi = {10.1190/1.2133785}
}

@article{nabighian-etal2005-mag,
    author = {M. N. Nabighian and V. J. S. Grauch and R. O. Hansen and T. R. LaFehr and Y. Li and J. W. Peirce and J. D. Phillips and M. E. Ruder},
    title = {The historical development of the magnetic method in exploration},
    journal = {GEOPHYSICS},
    volume = {70},
    number = {6},
    pages = {33ND-61ND},
    year = {2005},
    doi = {10.1190/1.2133784}
}

@incollection{treatise2007,
    title = "5.02 - The Present and Future Geomagnetic Field ",
    editor = "Schubert, Gerald ",
    booktitle = "Treatise on Geophysics",
    publisher = "Elsevier",
    edition = "Second Edition",
    year = "2015",
    pages = "33-78",
    isbn = "978-0-444-53803-1",
    doi = "10.1016/B978-0-444-53802-4.00096-8",
    author = "G. Hulot and T.J. Sabaka and N. Olsen and A. Fournier"
}


@article{guspi-novara2009,
    author={Fernando Gusp\'{i} and Iv\'{a}n Novara},
    title = {Reduction to the pole and transformations of scattered magnetic data using Newtonian equivalent sources},
    journal = {GEOPHYSICS},
    volume = {74},
    number = {5},
    pages = {L67-L73},
    year = {2009},
    doi = {10.1190/1.3170690}
}

@article{li-oldenburg2010,
    author={Yaoguo Li and Douglas W. Oldenburg},
    title = {Rapid construction of equivalent sources using wavelets},
    journal = {GEOPHYSICS},
    volume = {75},
    number = {3},
    pages = {L51-L59},
    year = {2010},
    doi = {10.1190/1.3378764}
}

@article{barnes-lumley2011,
    author={Gary Barnes and John Lumley},
    title = {Processing gravity gradient data},
    journal = {GEOPHYSICS},
    volume = {76},
    number = {2},
    pages = {I33-I47},
    year = {2011},
    doi = {10.1190/1.3548548}
}

@article{davis-li2011,
    author = {Davis, Kristofer and Li, Yaoguo},
    title = {Fast solution of geophysical inversion using adaptive mesh, space-filling curves and wavelet compression},
    journal = {Geophysical Journal International},
    volume = {185},
    number = {1},
    doi = {10.1111/j.1365-246X.2011.04929.x},
    pages = {157-166},
    year = {2011}
}

@article {baumann-etal2012,
    author = {Baumann, H. and Klingel\'{e}, E.E. and Marson, I.},
    title = {Absolute airborne gravimetry: a feasibility study},
    journal = {Geophysical Prospecting},
    volume = {60},
    number = {2},
    doi = {10.1111/j.1365-2478.2011.00987.x},
    pages = {361-372},
    year = {2012}
}

@article {barnes2012,
    author = {Barnes, Gary},
    title = {Interpolating the gravity field using full tensor gradient measurements},
    journal = {First Break},
    volume = {30},
    pages = {97-101},
    year = {2012}
}

@article{oliveirajr-etal2013,
    author = {Oliveira{ }Jr., V. C. and Barbosa, V. C. F. and Uieda, L.},
    title = {Polynomial equivalent layer},
    journal = {GEOPHYSICS},
    volume = {78},
    number = {1},
    pages = {G1-G13},
    year = {2013},
    doi = {10.1190/geo2012-0196.1}
}

@book{golub-vanloan2013,
  Author = {Gene H. Golub and Charles F. Van Loan},
  Title = {Matrix Computations (Johns Hopkins Studies in the Mathematical Sciences)},
  Publisher = {Johns Hopkins University Press},
  Year = {2013},
  ISBN = {978-1-4214-0794-4}
}

@article{macLennan-li2013,
    author = {MacLennan, Kris and Li, Yaoguo},
    title = {Denoising multicomponent CSEM data with equivalent source processing techniques},
    volume = {78},
    number = {3},
    pages = {E125-E135},
    year = {2013},
    doi = {10.1190/geo2012-0226.1},
    journal = {Geophysics}
}

@article{kara-etal2014,
    author = {Kara, \.{I}. and Bal, O. T. and Tur, H. and Ates, A.},
    title = {A new efficient method for topographic distortion correction, analytical continuation, vertical derivatives and using equivalent source technique: Application to field data},
    journal = {Journal of Applied Geophysics},
    volume = {106},
    pages = {67-76},
    year = {2014},
    doi = {10.1016/j.jappgeo.2014.04.011}
}

@article{li-nabighian-oldenburg2014,
    author = {Yaoguo Li and Misac Nabighian and Douglas W. Oldenburg},
    title = {Using an equivalent source with positivity for low-latitude reduction to the pole without striation},
    journal = {GEOPHYSICS},
    volume = {79},
    number = {6},
    pages = {J81-J90},
    year = {2014},
    doi = {10.1190/geo2014-0134.1}
}

@article {barnes2014,
    author = {Barnes, Gary},
    title = {Reconstructing the gravity gradient anomaly field from surveys with wide line spacing using equivalent source processing: an error analysis},
    journal = {Geophysical Prospecting},
    volume = {62},
    number = {3},
    doi = {10.1111/1365-2478.12098},
    pages = {646-657},
    year = {2014}
}

@book{torge2012,
  Author = {Wolfgang Torge and J\"{u}rgen M\"{u}ller},
  Title = {Geodesy},
  Publisher = {de Gruyter},
  edition = {4},
  Year = {2012},
  ISBN = {978-3-11-020718-7}
}

@book{whittaker2012,
  Author = {E. T. Whittaker},
  Title = {A History of the Theories of Aether and Electricity: From the Age of Descartes to the Close of the Nineteenth Century (Classic Reprint)},
  Publisher = {Forgotten Books},
  Year = {2012},
  ISBN = {1440044538}
}

@misc{barthelmes2013,
	title = {Definition of functionals of the geopotential and their calculation from spherical harmonic models},
	abstract = {Scientific Technical Report; 09/02; ISSN 1610-0956},
	language = {eng},
	publisher = {Deutsches GeoForschungsZentrum (GFZ)},
	author = {Barthelmes, Franz},
	year = {2013},
	doi = {10.2312/GFZ.b103-0902-26}
}

@article{bouman_etal2013,
	title = {Reference frame transformation of satellite gravity gradients and topographic mass reduction},
	volume = {118},
	issn = {2169-9356},
	doi = {10.1029/2012JB009747},
	number = {2},
	journal = {Journal of Geophysical Research: Solid Earth},
	author = {Johannes Bouman and J\"{o}rg Ebbing and Martin Fuchs},
	year = {2013},
	pages = {759-774}
}

@book{sanso_sideris2013,
	address = {Berlin, Heidelberg},
	series = {Lecture {Notes} in {Earth} {System} {Sciences}},
	title = {Geoid {Determination}},
	volume = {110},
	isbn = {978-3-540-74699-7 978-3-540-74700-0},
	url = {http://link.springer.com/10.1007/978-3-540-74700-0},
	urldate = {2018-04-16},
	publisher = {Springer Berlin Heidelberg},
	editor = {Sans\`{o}, Fernando and Sideris, Michael G.},
	year = {2013},
	doi = {10.1007/978-3-540-74700-0}
}

@TechReport{ibge_mapgeo2015,
    author = {IBGE},
    title = {O novo modelo de ondula\c{c}\~{a}o geoidal do Brasil: MAPGEO2015},
    institution = {Instituto Brasileiro de Geografia e Estat\'{i}stica (IBGE)},
    year = {2015},
    url = {https://www.ibge.gov.br/geociencias-novoportal/informacoes-sobre-posicionamento-geodesico/servicos-para-posicionamento-geodesico.html}
}


@article{martinez-li2016,
    author={Cericia Martinez and Yaoguo Li},
    title = {Denoising of gravity gradient data using an equivalent source technique},
    journal = {GEOPHYSICS},
    volume = {81},
    number = {4},
    pages = {G67-G79},
    year = {2016},
    doi = {10.1190/geo2015-0379.1}
}
