@book{kellogg1929,
  author = {Kellogg, O. D.},
  Title = {Foundations of Potential Theory},
  Publisher = {Frederick Ungar Publishing Company},
  Year = {1929}
}

@article{hammer1945,
    author = {Sigmund Hammer},
    title = {Estimating ore masses in gravity prospecting},
    journal = {Geophysics},
    volume = {10},
    number = {1},
    pages = {50-62},
    year = {1945},
    doi = {10.1190/1.1437147}
}

@article{skeels1947,
    author = {D. C. Skeels},
    title = {Ambiguity in gravity interpretation},
    journal = {Geophysics},
    volume = {12},
    number = {1},
    pages = {43-56},
    year = {1947},
    doi = {10.1190/1.1437295}
}

@article{henderson-zietz1949,
    author = {Roland G. Henderson and Isidore Zietz},
    title = {The upward continuation of anomalies in total magnetic intensity fields},
    journal = {Geophysics},
    volume = {14},
    number = {4},
    pages = {517-534},
    year = {1949},
    doi = {10.1190/1.1437560}
}

@article{garland1951,
    author = {G. D. Garland},
    title = {Combined analysis of gravity and magnetic anomalies},
    journal = {Geophysics},
    volume = {16},
    number = {1},
    pages = {51-62},
    year = {1951},
    doi = {10.1190/1.1437650}
}

@article{mabey1956,
	author = {Don R. Mabey},
	title = {GEOPHYSICAL STUDIES IN THE INTERMONTANE BASINS IN SOUTHERN CALIFORNIA},
	journal = {Geophysics},
	volume = {21},
	number = {3},
	pages = {839-853},
	year = {1956},
	doi = {10.1190/1.1438282},
	URL = {https://doi.org/10.1190/1.1438282},
	eprint = {https://doi.org/10.1190/1.1438282}
}

@article{vajk-walton1956,
	author = {Raoul Vajk and George Walton},
	title = {GEOPHYSICAL HISTORY OF PARENTIS OIL FIELD, FRANCE},
	journal = {Geophysics},
	volume = {21},
	number = {3},
	pages = {815-827},
	year = {1956},
	doi = {10.1190/1.1438279},
	URL = {https://doi.org/10.1190/1.1438279},
	eprint = {https://doi.org/10.1190/1.1438279}
}

@article{baranov1957,
    author = {Baranov, V.},
    title = {A new method for interpretation of aeromagnetic maps: Pseudo-gravimetric anomalies},
    journal = {Geophysics},
    volume = {22},
    number = {2},
    pages = {359-382},
    year = {1957},
    doi = {10.1190/1.1438369}
}

@article{bott1960,
	author = {Bott, M. H. P.},
	title = {The use of Rapid Digital Computing Methods for Direct Gravity Interpretation of Sedimentary Basins},
	journal = {Geophysical Journal International},
	volume = {3},
	number = {1},
	pages = {63-67},
	year = {1960},
	doi = {10.1111/j.1365-246X.1960.tb00065.x},
	URL = {http://dx.doi.org/10.1111/j.1365-246X.1960.tb00065.x},
	eprint = {/oup/backfile/content_public/journal/gji/3/1/10.1111/j.1365-246x.1960.tb00065.x/3/3-1-63.pdf}
}

@article{henderson1960,
    author = {Roland G. Henderson},
    title = {A comprehensive system of automatic computation in magnetic and gravity interpretation},
    journal = {Geophysics},
    volume = {25},
    number = {3},
    pages = {569-585},
    year = {1960},
    doi = {10.1190/1.1438736}
}

@article {danes1962,
    author = {Dane\v{s}, Z. F.},
    title = {Structure calculations from gravity data and density logs},
    journal = {Transactions of the Society of Mining Engineers of AIME},
    volume = {223},
    pages = {23-29},
    year = {1962}
}

@article{roy1962,
    author = {Roy, A.},
    title = {Ambiguity in geophysical interpretation},
    journal = {Geophysics},
    volume = {27},
    number = {1},
    pages = {90-99},
    year = {1962},
    doi = {10.1190/1.1438985}
}

@article{bhattacharyya1964,
    author = {Bhattacharyya, B. K.},
    title = {Magnetic anomalies due to prism-shaped bodies with arbitrary polarization},
    journal = {Geophysics},
    volume = {29},
    number = {4},
    pages = {517-531},
    year = {1964},
    doi = {10.1190/1.1439386}
}

@article {lafehr1965,
    author = {LaFehr, T. R.},
    title = {The estimation of the total amount of anomalous mass by Gauss's theorem},
    journal = {Journal of Geophysical Research},
    volume = {70},
    number = {8},
    doi = {10.1029/JZ070i008p01911},
    pages = {1911-1919},
    year = {1965}
}


@article {zidarov1965,
   author = {Zidarov, D.},
   title = {Solution of some inverse problems of applied gephysics},
   journal = {Geophysical Prospecting},
   volume = {13},
   number = {2},
   doi = {10.1111/j.1365-2478.1965.tb01932.x},
   pages = {240-246},
   year = {1965}
}

@article{bhattacharyya1967,
    author = {Bhattacharyya, B. K.},
    title = {Some general properties of potential fields in space and frequency domain: a review},
    journal = {Geoexploration},
    volume = {5},
    pages = {127-143},
    year = {1967},
    doi = {10.1016/0016-7142(67)90021-X}
}

@article {bott1967,
    author = {Bott, M. H. P.},
    title = {Solution of the Linear Inverse Problem in Magnetic Interpretation with Application to Oceanic Magnetic Anomalies},
    journal = {Geophysical Journal of the Royal Astronomical Society},
    volume = {13},
    number = {1-3},
    doi = {10.1111/j.1365-246X.1967.tb02162.x},
    pages = {313-323},
    year = {1967}
}

@book{heiskanen-moritz1967,
	location = {San Francisco},
	title = {Physical Geodesy},
	isbn = {978-0-7167-0233-7},
	publisher = {W.H. Freeman and Company},
	author = {Heiskanen, Weikko A. and Moritz, Helmut},
	year = {1967}
}

@article{tanner1967,
	author = {Tanner, J. G.},
	title = {An Automated Method of Gravity Interpretation},
	journal = {Geophysical Journal of the Royal Astronomical Society},
	volume = {13},
	number = {1‐3},
	pages = {339-347},
	year = {1967},
	doi = {10.1111/j.1365-246X.1967.tb02164.x},
	url = {https://onlinelibrary.wiley.com/doi/abs/10.1111/j.1365-246X.1967.tb02164.x},
	eprint = {https://onlinelibrary.wiley.com/doi/pdf/10.1111/j.1365-246X.1967.tb02164.x}
}

@article{cordell-henderson1968,
	author = {Lindrith Cordell and Roland G. Henderson},
	title = {Iterative three‐dimensional solution of gravity anomaly data using a digital computer},
	journal = {GEOPHYSICS},
	volume = {33},
	number = {4},
	pages = {596-601},
	year = {1968},
	doi = {10.1190/1.1439955},
	URL = {https://doi.org/10.1190/1.1439955},
	eprint = {https://doi.org/10.1190/1.1439955}
}

@article{worzel1968,
	author = {Worzel, J. Lamar},
	title = {Advances in marine geophysical research of continental margins},
	journal = {Canadian Journal of Earth Sciences},
	volume = {5},
	number = {4},
	pages = {963-983},
	year = {1968},
	doi = {10.1139/e68-095},
	URL = {https://doi.org/10.1139/e68-095},
	eprint = {https://doi.org/10.1139/e68-095}
	
}

@article{dampney1969,
    author = {Dampney, C. N. G.},
    title = {The equivalent source technique},
    journal = {Geophysics},
    volume = {34},
    number = {1},
    pages = {39-53},
    year = {1969},
    doi = {10.1190/1.1439996}
}

@article{henderson1970,
    author = {Roland G. Henderson},
    title = {ON THE VALIDITY OF THE USE OF THE UPWARD CONTINUATION INTEGRAL FOR TOTAL MAGNETIC INTENSITY DATA},
    journal = {Geophysics},
    volume = {35},
    number = {5},
    pages = {916-919},
    year = {1970},
    doi = {10.1190/1.1440137}
}

@article{cordell1971,
    author = {Lindrith Cordell and Patrick T. Taylor},
    title = {Investigation of magnetization and density of a north Atlantic seamount using Poisson’s theorem},
    journal = {Geophysics},
    volume = {36},
    number = {5},
    pages = {919-937},
    year = {1971},
    doi = {10.1190/1.1440224}
}

@article {bott-ingles1972,
    author = {Bott, M. H. P. and Ingles, A.},
    title = {Matrix Methods for Joint Interpretation of Two-dimensional Gravity and Magnetic Anomalies with Application to the Iceland-Faeroe Ridge},
    journal = {Geophysical Journal of the Royal Astronomical Society},
    volume = {30},
    number = {1},
    doi = {10.1111/j.1365-246X.1972.tb06179.x},
    pages = {55-67},
    year = {1972}
}

@article{dyrelius-vogel1972,
	author = {Dyrelius, D. and Vogel, A.},
	title = {Improvement of Convergency in Iterative Gravity Interpretation},
	journal = {Geophysical Journal of the Royal Astronomical Society},
	volume = {27},
	number = {2},
	pages = {195-205},
	year={1972},
	doi = {10.1111/j.1365-246X.1972.tb05771.x},
	url = {https://onlinelibrary.wiley.com/doi/abs/10.1111/j.1365-246X.1972.tb05771.x}
}


@article{emilia1973,
    author = {Emilia, D. A.},
    title = {Equivalent sources used as an analytic base for processing total magnetic field profiles},
    journal = {Geophysics},
    volume = {38},
    number = {2},
    pages = {339-348},
    year = {1973},
    doi = {10.1190/1.1440344}
}

@article{parker1973,
	author = {Parker, R. L.},
	title = {The Rapid Calculation of Potential Anomalies},
	journal = {Geophysical Journal of the Royal Astronomical Society},
	volume = {31},
	number = {4},
	pages = {447-455},
	year={1973},
	doi = {10.1111/j.1365-246X.1973.tb06513.x},
	url = {https://onlinelibrary.wiley.com/doi/abs/10.1111/j.1365-246X.1973.tb06513.x},
	eprint = {https://onlinelibrary.wiley.com/doi/pdf/10.1111/j.1365-246X.1973.tb06513.x}
}

@article{marussi1974,
	author = {A. Marussi and H. Moritz and R. H. Rapp and R. O. Vicente},
    title = {Ellipsoidal density models and hydrostatic equilibrium: Interim report},
    journal = {Physics of the Earth and Planetary Interiors},
    volume = {9},
    number = {1},
    pages = {4-6},
    year = {1974},
    issn = {0031-9201},
    doi = {10.1016/0031-9201(74)90073-9},
    url = {http://www.sciencedirect.com/science/article/pii/0031920174900739}
}

@article{oldenburg1974,
	author = {Douglas W. Oldenburg},
	title = {THE INVERSION AND INTERPRETATION OF GRAVITY ANOMALIES},
	journal = {Geophysics},
	volume = {39},
	number = {4},
	pages = {526-536},
	year = {1974},
	doi = {10.1190/1.1440444},
	URL = {https://doi.org/10.1190/1.1440444},
	eprint = {https://doi.org/10.1190/1.1440444}
}


@article{gunn1975,
    author = {Gunn, P. J.},
    title = {LINEAR TRANSFORMATIONS OF GRAVITY AND MAGNETIC FIELDS},
    journal = {Geophysical Prospecting},
    volume = {23},
    number = {2},
    doi = {10.1111/j.1365-2478.1975.tb01530.x},
    pages = {300-312},
    year = {1975}
}

@TechReport{soler1976,
    author = {Tomas Soler},
    title = {On differential transformations between Cartesian and curvilinear
    (geodetic) coordinates},
    institution = {Ohio State University},
    year = {1976},
    OPTtype = {Reports of the department of Geodetic Science},
    OPTnumber = {236},
    OPTaddress = {Columbus, Ohio},
    OPTnote = {Prepared for the National Aeronautics and Space Administration}
}


@article{parker1977,
    author = {Parker, R. L.},
    title = {Understanding Inverse Theory},
    journal = {Annual Review of Earth and Planetary Sciences},
    volume = {5},
    number = {1},
    pages = {35-64},
    year = {1977},
    doi = {10.1146/annurev.ea.05.050177.000343}
}

@article{pedersen1977,
	author = {Pedersen, L. B.},
	title = {Interpretation of potential field data a generalized inverse approach},
	journal = {Geophysical Prospecting},
	volume = {25},
	number = {2},
	pages = {199-230},
	year={1977},
	doi = {10.1111/j.1365-2478.1977.tb01164.x},
	url = {https://onlinelibrary.wiley.com/doi/abs/10.1111/j.1365-2478.1977.tb01164.x},
	eprint = {https://onlinelibrary.wiley.com/doi/pdf/10.1111/j.1365-2478.1977.tb01164.x}
}

@book{tikhonov-arsenin1977,
  author = {Tikhonov, A. N. and Arsenin, V. Y.},
  Title = {Solutions of ill-posed problems},
  Publisher = {V. H. Winston \& Sons},
  Year = {1977},
  ISBN = {0470991240}
}

@book{twomey1977,
  author = {S. Twomey},
  Title = {Introduction to the Mathematics of Inversion in Remote Sensing and Indirect Measurements},
  Publisher = {Dover Publications, Inc.},
  Year = {1977},
  ISBN = {0486694518}
}

@article{bhattacharyya-chan1977,
    author = {Bhattacharyya, B. K. and Chan, K. C.},
    title = {Reduction of magnetic and gravity data on an arbitrary surface acquired in a region of high topographic relief},
    volume = {42},
    number = {7},
    pages = {1411-1430},
    year = {1977},
    doi = {10.1190/1.1440802},
    journal = {Geophysics}
}

@book{goldstein1980,
  Author = {Goldstein, H. and Poole Jr., C. P. and Safko, J. L.},
  Title = {Classical mechanics},
  Publisher = {Addison-Wesley},
  edition = 3,
  Year = {1980},
  ISBN = {0201657023}
}

@article{chandler1981,
    author = {V. W. Chandler and J. S. Koski and W. J. Hinze and L. W. Braile},
    title = {Analysis of multisource gravity and magnetic anomaly data sets by moving‐window application of Poisson’s theorem},
    journal = {Geophysics},
    volume = {46},
    number = {1},
    pages = {30-39},
    year = {1981},
    doi = {10.1190/1.1441136}
}

@article{vonfrese-etal1981,
    author = "Von Frese, R. R. B. and Hinze, W. J. and Braile, L. W.",
    title = "Spherical earth gravity and magnetic anomaly analysis by equivalent point source inversion ",
    journal = "Earth and Planetary Science Letters ",
    volume = "53",
    number = "1",
    pages = "69-83",
    year = "1981",
    doi = "10.1016/0012-821X(81)90027-3"
}

@article {mayhew1982,
    author = {Mayhew, M. A.},
    title = {Application of satellite magnetic anomaly data to Curie isotherm mapping},
    journal = {Journal of Geophysical Research: Solid Earth},
    volume = {87},
    number = {B6},
    doi = {10.1029/JB087iB06p04846},
    pages = {4846-4854},
    year = {1982}
}

@article{silva1984,
    author = {J. B. C. Silva and Gerald W. Hohmann},
    title = {Airborne magnetic susceptibility mapping},
    journal = {Exploration Geophysics},
    volume = {15},
    number = {1},
    pages = {1-13},
    year = {1984},
    doi = {10.1071/EG984001}
}

@article{hansen-miyazaki1984,
    author = {R. O. Hansen and Y. Miyazaki},
    title = {Continuation of potential fields between arbitrary surfaces},
    journal = {Geophysics},
    volume = {49},
    number = {6},
    pages = {787-795},
    year = {1984},
    doi = {10.1190/1.1441707}
}

@techreport{forsberg1984,
  title={A study of terrain reductions, density anomalies and geophysical inversion methods in gravity field modelling},
  author={Forsberg, Rene},
  year={1984},
  institution={DTIC Document}
}

@techreport{sunkel1985,
	address = {Columbus, Ohio},
	type = {Scientific report},
	title = {An isostatic {Earth} model},
	url = {https://earthsciences.osu.edu/geodetic/resources/osu-reports},
	number = {367},
	institution = {Department of Geodetic Science and Surveying, The Ohio State University},
	author = {S{\"u}nkel, Hans},
	month = sep,
	year = {1985}
}

@article{silva1986,
    author = {Silva, J. B. C.},
    title = {Reduction to the pole as an inverse problem and its application to low-latitude anomalies},
    journal = {Geophysics},
    volume = {51},
    number = {2},
    pages = {369-382},
    year = {1986},
    doi = {10.1190/1.1442096}
}

@article{pilkington-crossley1986,
	author = {Mark Pilkington and D. J. Crossley},
	title = {Determination of crustal interface topography from potential fields},
	journal = {GEOPHYSICS},
	volume = {51},
	number = {6},
	pages = {1277-1284},
	year = {1986},
	doi = {10.1190/1.1442180},
	URL = {https://doi.org/10.1190/1.1442180},
	eprint = {https://doi.org/10.1190/1.1442180}
}


@article{pilkington-crossley1986b,
	author = {Mark Pilkington and D. J. Crossley},
	title = {Inversion of aeromagnetic data for multilayered crustal models},
	journal = {GEOPHYSICS},
	volume = {51},
	number = {12},
	pages = {2250-2254},
	year = {1986},
	doi = {10.1190/1.1442079},
	URL = {https://doi.org/10.1190/1.1442079},
	eprint = {https://doi.org/10.1190/1.1442079}
}

@article{granser1987,
	author = {Granser, H.},
	title = {Three-dimensional interpretation of gravity data from sedimentary basins using an exponential density-depth function},
	journal = {Geophysical Prospecting},
	volume = {35},
	number = {9},
	year={1987},
	pages = {1030-1041},
	doi = {10.1111/j.1365-2478.1987.tb00858.x},
	url = {https://onlinelibrary.wiley.com/doi/abs/10.1111/j.1365-2478.1987.tb00858.x},
	eprint = {https://onlinelibrary.wiley.com/doi/pdf/10.1111/j.1365-2478.1987.tb00858.x}
}

@book{vanicek1987,
  Author = {P. Van\'{i}\v{c}ek and E. J. Krakiwsky},
  Title = {Geodesy: The Concepts, Second Edition},
  Publisher = {Elsevier Science},
  Year = {1987},
  ISBN = {0444877770}
}

@article{leao-silva1989,
    author = {Le\~{a}o, J. W. D and Silva, J. B. C.},
    title = {Discrete linear transformations of potential field data},
    journal = {Geophysics},
    volume = {54},
    number = {4},
    pages = {497-507},
    year = {1989},
    doi = {10.1190/1.1442676}
}

@book{menke1989,
  Author = {Willian Menke},
  Title = {Geophysical data analysis: Discrete inverse theory},
  Publisher = {Academic Press, Inc.},
  Year = {1989},
  ISBN = {0-12-490921-3}
}

@article{reamer-ferguson1989,
	author = {Sharon K. Reamer and John F. Ferguson},
	title = {Regularized two‐dimensional Fourier gravity inversion method with application to the Silent Canyon caldera, Nevada},
	journal = {Geophysics},
	volume = {54},
	number = {4},
	pages = {486-496},
	year = {1989},
	doi = {10.1190/1.1442675},
	URL = {https://doi.org/10.1190/1.1442675},
	eprint = {https://doi.org/10.1190/1.1442675}
}

@article{richardson-macinnes1989,
	author = {Richardson, Randall M. and MacInnes, Scott C.},
	title = {The inversion of gravity data into three-dimensional polyhedral models},
	journal = {Journal of Geophysical Research: Solid Earth},
	volume = {94},
	number = {B6},
	year={1989},
	pages = {7555-7562},
	doi = {10.1029/JB094iB06p07555},
	url = {https://agupubs.onlinelibrary.wiley.com/doi/abs/10.1029/JB094iB06p07555},
	eprint = {https://agupubs.onlinelibrary.wiley.com/doi/pdf/10.1029/JB094iB06p07555}
}


@article{pilkington-urquhart1990,
    author = {Mark Pilkington and W. E. S. Urquhart},
    title = {Reduction of potential field data to a horizontal plane},
    journal = {Geophysics},
    volume = {55},
    number = {5},
    pages = {549-555},
    year = {1990},
    doi = {10.1190/1.1442866}
}

@article{xia-sprowl1991,
    author = {J. Xia and D. R. Sprowl},
	title = {Correction of topographic distortion in gravity data},
    journal = {Geophysics},
    volume = {56},
    number = {4},
    doi = {10.1190/1.1443070},
    pages = {537-541},
    year = {1991}
}


@article{lafehr1991,
    author = {T. R. LaFehr},
    title = {Standardization in gravity reduction},
    journal = {Geophysics},
    volume = {56},
    number = {8},
    pages = {1170-1178},
    year = {1991},
    doi = {10.1190/1.1443137}
}

@article{pedersen1991,
    author = {L. B. Pedersen},
    title = {Relations between potential fields and some equivalent sources},
    journal = {Geophysics},
    volume = {56},
    number = {7},
    pages = {961-971},
    year = {1991},
    doi = {10.1190/1.1443129}
}

@article{cordell1992,
    author = {Lindrith Cordell},
    title = {A scattered equivalent-source method for interpolation and gridding of potential-field data in three dimensions},
    journal = {Geophysics},
    volume = {57},
    number = {4},
    pages = {629-636},
    year = {1992},
    doi = {10.1190/1.1443275}
}

@phdthesis{mendonca1992,
  author       = {Mendon\c{c}a, C. A.},
  title        = {Interpola{\c c}{\~a}o de dados de campo potencial atrav{\'e}s da camada equivalente},
  school       = {Universidade Federal do Par\'{a}},
  year         = 1992,
  address      = {Bel\'{e}m do Par\'{a}, Brazil}
}

@book{numerical-recipes1992,
  Author = {William H. Press and Brian P. Flannery and Saul A. Teukolsky and William T. Vetterling},
  Title = {Numerical Recipes in C: The Art of Scientific Computing, Second Edition},
  Publisher = {Cambridge University Press},
  Year = {1992},
  ISBN = {0521431085}
}

@article{guspi1993,
	author = {Fernando Gusp\'{i}},
	title = {Noniterative nonlinear gravity inversion},
	journal = {Geophysics},
	volume = {58},
	number = {7},
	pages = {935-940},
	year = {1993},
	doi = {10.1190/1.1443484},
	URL = {https://doi.org/10.1190/1.1443484},
	eprint = {https://doi.org/10.1190/1.1443484}
}

@article{xia-etal1993,
    author = {Xia, Jianghai and Sprowl, Donald R. and Adkins-Heljeson, Dana},
    title = {Correction of topographic distortions in potential-field data; a fast and accurate approach},
    volume = {58},
    number = {4},
    pages = {515-523},
    year = {1993},
    doi = {10.1190/1.1443434},
    journal = {Geophysics}
}

@article{pawlowski1994,
    author = {Robert S. Pawlowski},
    title = {Green’s equivalent-layer concept in gravity band‐pass filter design},
    journal = {Geophysics},
    volume = {59},
    number = {1},
    pages = {69-76},
    year = {1994},
    doi = {10.1190/1.1443535}
}

@article{mendonca-silva1994,
    author = {Mendon{\c c}a, C. A. and Silva, J. B. C.},
    title = {The equivalent data concept applied to the interpolation of potential field data},
    journal = {Geophysics},
    volume = {59},
    number = {5},
    pages = {722-732},
    year = {1994},
    doi = {10.1190/1.1443630}
}

@article{mendonca-silva1995,
    author = {Mendon{\c c}a, C. A. and Silva, J. B. C.},
    title = {Interpolation of potential‐field data by equivalent layer and minimum curvature: A comparative analysis},
    journal = {Geophysics},
    volume = {60},
    number = {2},
    pages = {399-407},
    year = {1995},
    doi = {10.1190/1.1443776}
}

@book{blakely1996,
  Author = {Richard J. Blakely},
  Title = {Potential Theory in Gravity and Magnetic Applications},
  Publisher = {Cambridge University Press},
  Year = {1996},
  ISBN = {0521575478}
}

@article{chapin1996,
    author = {David A. Chapin},
    title = {The theory of the Bouguer gravity anomaly: A tutorial},
    journal = {The Leading Edge},
    volume = {15},
    number = {5},
    pages = {361-363},
    year = {1996},
    doi = {10.1190/1.1437341}
}

@article{braitenberg-etal1997,
	title = "Spectral and classical methods in the evaluation of Moho undulations from gravity data: The NE Italian Alps and isostasy",
	journal = "Journal of Geodynamics",
	volume = "23",
	number = "1",
	pages = "5 - 22",
	year = "1997",
	issn = "0264-3707",
	doi = "https://doi.org/10.1016/S0264-3707(96)00024-5",
	url = "http://www.sciencedirect.com/science/article/pii/S0264370796000245",
	author = "C. Braitenberg and F. Pettenati and M. Zadro"
}

@article{barbosa-etal1997,
	author = {Val\'{e}ria Cristina F. Barbosa and Jo\~{a}o B. C. Silva and Walter E. Medeiros},
	title = {Gravity inversion of basement relief using approximate equality constraints on depths},
	journal = {Geophysics},
	volume = {62},
	number = {6},
	pages = {1745-1757},
	year = {1997},
	doi = {10.1190/1.1444275},
	URL = {https://doi.org/10.1190/1.1444275},
	eprint = {https://doi.org/10.1190/1.1444275}
}

@book{langel-hinze1998,
  Author = {R. A. Langel and W. J. Hinze},
  Title = {The Magnetic Field of the Earth's Lithosphere: The Satellite Perspective},
  Publisher = {Cambridge University Press},
  Year = {1998},
  ISBN = {0521473330}
}

@article{braitenberg-zadro1999,
	title = {Iterative 3D gravity inversion with integration of seismologic data},
	volume = {40},
	shorttitle = {3D gravity inversion},
	language = {English},
	number = {3-4},
	journal = {Bollettino di Geofisica Teorica ed Applicata},
	author = {Braitenberg, C. and Zadro, M.},
	year = {1999},
	pages = {469--475}
}

@article{barbosa-etal1999,
	author = {Val{\'e}ria C. F. Barbosa and Jo{\~a}o B. C. Silva and Walter E. Medeiros},
	title = {Stable inversion of gravity anomalies of sedimentary basins with nonsmooth basement reliefs and arbitrary density contrast variations},
	journal = {GEOPHYSICS},
	volume = {64},
	number = {3},
	pages = {754-764},
	year = {1999},
	doi = {10.1190/1.1444585},
	URL = {https://doi.org/10.1190/1.1444585},
	eprint = {https://doi.org/10.1190/1.1444585}
}

@article{barbosa-etal1999b,
	author = {Val{\'e}ria C. F. Barbosa and Jo{\~a}o B. C. Silva and Walter E. Medeiros},
	title = {Gravity inversion of a discontinuous relief stabilized by weighted smoothness constraints on depth},
	journal = {GEOPHYSICS},
	volume = {64},
	number = {5},
	pages = {1429-1437},
	year = {1999},
	doi = {10.1190/1.1444647},
	URL = {https://doi.org/10.1190/1.1444647},
	eprint = {https://doi.org/10.1190/1.1444647}
}

@ARTICLE{condi-etal1999,
	author={F. J. Condi and C. A. Zelt and D. S. Sawyer and G. J. Hirasaki},
	journal={Geophysical Journal International},
	title={Gravity inversion for rifted margin deep structure using extension and isostatic constraints},
	year={1999},
	volume={138},
	number={2},
	pages={435-446},
	keywords={extension;gravity;inversion;isostasy;rifted margin},
	doi={10.1046/j.1365-246X.1999.00872.x},
	ISSN={0956-540X},
	month={Aug}
}

@book{jeffreys-jeffreys2000,
   title =     {Methods of Mathematical Physics},
   author =    {H. Jeffreys and B. Jeffreys},
   publisher = {Cambridge University Press},
   isbn =      {978-0-521-66402-8},
   year =      {2000},
   series =    {Cambridge Mathematical Library},
   edition =   {3ed.}
}

@article{nagy-etal2000,
    author={Nagy, D. and Papp, G. and Benedek, J.},
    title={The Gravitational Potential and its Derivatives for the Prism},
    journal={Journal of Geodesy},
    year={2000},
    volume={74},
    number={7-8},
    pages  = {311-326},
    doi={10.1007/s001900000116}
}

@article{glennie-etal2000,
    author={Glennie, C. L. and Schwarz, K. P. and Bruton, A. M. and Forsberg, R. and Olesen, A. V. and Keller, K.},
    title={A comparison of stable platform and strapdown airborne gravity},
    year={2000},
    journal={Journal of Geodesy},
    volume={74},
    number={5},
    pages={383-389},
    doi={10.1007/s001900000082}
}

@article{li2001,
    author = {Li, Xiong and G{\"o}tze, Hans-J{\"u}rgen},
    title = {Ellipsoid, geoid, gravity, geodesy, and geophysics},
    volume = {66},
    number = {6},
    pages = {1660-1668},
    year = {2001},
    doi = {10.1190/1.1487109},
    journal = {Geophysics}
}

@book{turcotte-schubert2002,
	address = {Cambridge},
	edition = {2. ed.},
	title = {Geodynamics},
	isbn = {978-0-521-66624-4 978-0-521-66186-7},
	language = {eng},
	publisher = {Cambridge Univ. Press},
	author = {Turcotte, Donald L. and Schubert, Gerald},
	year = {2002}
}

@article{fairhead2003,
    author = {J. Derek Fairhead and Christopher M. Green and Denizar Blitzkow},
    title = {The use of GPS in gravity surveys},
    journal = {The Leading Edge},
    volume = {22},
    number = {10},
    pages = {954-959},
    year = {2003},
    doi = {10.1190/1.1623636}
}

@article{hackney-featherstone2003,
    author = {Hackney, R. I. and Featherstone, W. E.},
    title = {Geodetic versus geophysical perspectives of the ‘gravity anomaly’},
    volume = {154},
    number = {1},
    pages = {35-43},
    year = {2003},
    doi = {10.1046/j.1365-246X.2003.01941.x},
    journal = {Geophysical Journal International}
}

@article{gallardo-etal2003,
	author = {Luis A. Gallardo-Delgado and Marco Antonio P{\'e}rez-Flores and Enrique G{\'o}mez-Trevi{\~n}o},
	title = {A versatile algorithm for joint 3D inversion of gravity and magnetic data},
	journal = {GEOPHYSICS},
	volume = {68},
	number = {3},
	pages = {949-959},
	year = {2003},
	doi = {10.1190/1.1581067},
	URL = {https://doi.org/10.1190/1.1581067},
	eprint = {https://doi.org/10.1190/1.1581067}
}

@book{seeber2003,
	edition = {2},
	title = {Satellite {Geodesy}},
	isbn = {3-11-017549-5},
	publisher = {de Gruyter},
	author = {Seeber, Günter},
	year = {2003}
}

@inproceedings{boggs-dransfield2004,
  title = {Analysis of errors in gravity derived from the Falcon airborne gravity gradiometer},
  booktitle = { ASEG-PESA Airborne Gravity 2004 Workshop},
  author = {Boggs, D.B. and Dransfield, M.H.},
  publisher = {Geoscience Australia Record},
  year = {2004},
  pages = {135-141},
  file = {}
}

@inproceedings{lane2004,
  title = {Integrating ground and airborne data into regional gravity compilation},
  booktitle = {ASEG-PESA Airborne Gravity 2004 Workshop},
  author = {R. Lane},
  publisher = {Geoscience Australia Record},
  year = {2004},
  pages = {81-97},
}

@article{mendonca2004,
    author = {Carlos Alberto Mendon{\c c}a},
    title = {Automatic determination of the magnetization–density ratio and magnetization inclination from the joint interpretation of 2D gravity and magnetic anomalies},
    journal = {Geophysics},
    volume = {69},
    number = {4},
    pages = {938-948},
    year = {2004},
    doi = {10.1190/1.1778237}
}

@book{boyd-vander2004,
    author = {Stephen Boyd and Lieven Vandenberghe},
    title = {Convex optimization},
    publisher = {Cambridge University Press},
    year = {2004},
    isbn = {0521833787}
 }

@book{aster-etal2005,
  Author = {Richard C. Aster and Brian Borchers and Clifford H. Thurber},
  Title = {Parameter Estimation and Inverse Problems (International Geophysics)},
  Publisher = {Academic Press},
  Year = {2005},
  ISBN = {0120656043}
}

@article{hinze2005,
    author = {William J. Hinze and Carlos Aiken and John Brozena and Bernard Coakley and David Dater and Guy Flanagan and     Ren\'{e} Forsberg and Thomas Hildenbrand and G. Randy Keller and James Kellogg and Robert Kucks and Xiong Li and Andre Mainville and Robert Morin and Mark Pilkington and Donald Plouff and Dhananjay Ravat and Daniel Roman and Jamie Urrutia-Fucugauchi and Marc V\'{e}ronneau and Michael Webring and Daniel Winester},
    title = {New standards for reducing gravity data: The North American gravity database},
    journal = {Geophysics},
    volume = {70},
    number = {4},
    pages = {J25-J32},
    year = {2005},
    doi = {10.1190/1.1988183}
}

@article{gallardo-etal2005,
	title = "Refinement of three-dimensional multilayer models of basins and crustal environments by inversion of gravity and magnetic data",
	journal = "Tectonophysics",
	volume = "397",
	number = "1",
	pages = "37 - 54",
	year = "2005",
	note = "Integration of Geophysical and Geological Data and Numerical Models in Basins",
	issn = "0040-1951",
	doi = "https://doi.org/10.1016/j.tecto.2004.10.010",
	url = "http://www.sciencedirect.com/science/article/pii/S0040195104004433",
	author = "Luis A. Gallardo and M.A. P{\'e}res-Flores and E. G{\'o}mez-Trevi{\~n}o",
	keywords = "Gravity data, Magnetic data, Joint inversion, Sedimentary basins, Integration of geophysical data"
}

@book{hofmann-wellenhof-moritz2005,
  Author = {Bernhard Hofmann-Wellenhof and Helmut Moritz},
  Title = {Physical Geodesy},
  Publisher = {Springer},
  Year = {2005},
  ISBN = {3211235841}
}

@article{geoffroy2005,
	title = "Volcanic passive margins",
	journal = "Comptes Rendus Geoscience",
	volume = "337",
	number = "16",
	pages = "1395 - 1408",
	year = "2005",
	issn = "1631-0713",
	doi = "10.1016/j.crte.2005.10.006",
	url = "https://doi.org/10.1016/j.crte.2005.10.006",
	author = "Laurent Geoffroy",
	keywords = "Volcanic passive margins, Extension, Small-scale mantle convection, Dykes, Normal faults, Marges passives volcaniques, Extension, Convection mantellique petite {\' e}chelle, Dykes, Failles normales"
}

@article{nabighian-etal2005-grav,
    author = {M. N. Nabighian and M. E. Ander and V. J. S. Grauch and R. O. Hansen and T. R. LaFehr and Y. Li and W. C. Pearson and J. W. Peirce and J. D. Phillips and M. E. Ruder},
    title = {Historical development of the gravity method in exploration},
    journal = {Geophysics},
    volume = {70},
    number = {6},
    pages = {63ND-89ND},
    year = {2005},
    doi = {10.1190/1.2133785}
}

@article{nabighian-etal2005-mag,
    author = {M. N. Nabighian and V. J. S. Grauch and R. O. Hansen and T. R. LaFehr and Y. Li and J. W. Peirce and J. D. Phillips and M. E. Ruder},
    title = {The historical development of the magnetic method in exploration},
    journal = {Geophysics},
    volume = {70},
    number = {6},
    pages = {33ND-61ND},
    year = {2005},
    doi = {10.1190/1.2133784}
}

@article{pilkington2006,
	author = {Mark Pilkington},
	title = {Joint inversion of gravity and magnetic data for two-layer models},
	journal = {GEOPHYSICS},
	volume = {71},
	number = {3},
	pages = {L35-L42},
	year = {2006},
	doi = {10.1190/1.2194514},
	URL = {https://doi.org/10.1190/1.2194514},
	eprint = {https://doi.org/10.1190/1.2194514}
}

@article{silva-etal2006,
	author = {Jo{\~a}o B. Silva and Denis C. Costa and Val{\'e}ria C. Barbosa},
	title = {Gravity inversion of basement relief and estimation of density contrast variation with depth},
	journal = {GEOPHYSICS},
	volume = {71},
	number = {5},
	pages = {J51-J58},
	year = {2006},
	doi = {10.1190/1.2236383},
	URL = {https://doi.org/10.1190/1.2236383},
	eprint = {https://doi.org/10.1190/1.2236383}
}

@article{chakravarthi-sundararajan2007,
	author = {Vishnubhotla Chakravarthi and Narasimman Sundararajan},
	title = {3D gravity inversion of basement relief — A depth-dependent density approach},
	journal = {GEOPHYSICS},
	volume = {72},
	number = {2},
	pages = {I23-I32},
	year = {2007},
	doi = {10.1190/1.2431634},
	URL = {https://doi.org/10.1190/1.2431634},
	eprint = {https://doi.org/10.1190/1.2431634}
}

@incollection{treatise2007,
    title = "5.02 - The Present and Future Geomagnetic Field ",
    editor = "Schubert, Gerald ",
    booktitle = "Treatise on Geophysics",
    publisher = "Elsevier",
    edition = "Second Edition",
    year = "2015",
    pages = "33-78",
    isbn = "978-0-444-53803-1",
    doi = "10.1016/B978-0-444-53802-4.00096-8",
    author = "G. Hulot and T.J. Sabaka and N. Olsen and A. Fournier"
}

@book{lowrie2007,
	address = {Cambridge},
	title = {Fundamentals of geophysics},
	isbn = {9781601197443 9780511352737 9780511649325 9780511807107 9780511354472 9786612389801},
	note = {A second edition of this classic textbook on fundamental principles of geophysics for geoscience undergraduates.},
	language = {English},
	publisher = {Cambridge University Press},
	author = {Lowrie, William},
	year = {2007}
}

@article{guspi-novara2009,
    author={Fernando Gusp\'{i} and Iv\'{a}n Novara},
    title = {Reduction to the pole and transformations of scattered magnetic data using Newtonian equivalent sources},
    journal = {Geophysics},
    volume = {74},
    number = {5},
    pages = {L67-L73},
    year = {2009},
    doi = {10.1190/1.3170690}
}

@article{sjoberg2009,
	author = {Sj{\"o}berg, Lars E.},
	title = {Solving Vening Meinesz-Moritz inverse problem in isostasy},
	journal = {Geophysical Journal International},
	volume = {179},
	number = {3},
	pages = {1527-1536},
	year = {2009},
	doi = {10.1111/j.1365-246X.2009.04397.x},
	URL = {http://dx.doi.org/10.1111/j.1365-246X.2009.04397.x},
	eprint = {/oup/backfile/content_public/journal/gji/179/3/10.1111/j.1365-246x.2009.04397.x/3/179-3-1527.pdf}
}

@article{shin-etal2009,
	author = {Shin, Young Hong and Shum, C.-K. and Braitenberg, Carla and Lee, Sang Mook and Xu, Houze and Choi, Kwang Sun and Baek, Jeong Ho and Park, Jong Uk},
	title = {Three-dimensional fold structure of the Tibetan Moho from GRACE gravity data},
	journal = {Geophysical Research Letters},
	volume = {36},
	number = {1},
	pages = {},
	year = {2009},
	keywords = {Moho fold, Tibet, GRACE},
	doi = {10.1029/2008GL036068},
	url = {https://agupubs.onlinelibrary.wiley.com/doi/abs/10.1029/2008GL036068},
	eprint = {https://agupubs.onlinelibrary.wiley.com/doi/pdf/10.1029/2008GL036068}
}

@article{martins-etal2010,
	author = {Cristiano M. Martins and Val{\'e}ria C. Barbosa and Jo{\~a}o B. Silva},
	title = {Simultaneous 3D depth-to-basement and density-contrast estimates using gravity data and depth control at few points},
	journal = {GEOPHYSICS},
	volume = {75},
	number = {3},
	pages = {I21-I28},
	year = {2010},
	doi = {10.1190/1.3380225},
	URL = {https://doi.org/10.1190/1.3380225},
	eprint = {https://doi.org/10.1190/1.3380225}
}

@article{silva-etal2010,
	author = {Jo{\~a}o B. Silva and Alexandre S. Oliveira and Val\'{e}ria C. Barbosa},
	title = {Gravity inversion of 2D basement relief using entropic regularization},
	journal = {Geophysics},
	volume = {75},
	number = {3},
	pages = {I29-I35},
	year = {2010},
	doi = {10.1190/1.3374358},
	URL = {https://doi.org/10.1190/1.3374358},
	eprint = {https://doi.org/10.1190/1.3374358}
}

@article{li-oldenburg2010,
    author={Yaoguo Li and Douglas W. Oldenburg},
    title = {Rapid construction of equivalent sources using wavelets},
    journal = {Geophysics},
    volume = {75},
    number = {3},
    pages = {L51-L59},
    year = {2010},
    doi = {10.1190/1.3378764}
}

@article{barnes-lumley2011,
    author={Gary Barnes and John Lumley},
    title = {Processing gravity gradient data},
    journal = {Geophysics},
    volume = {76},
    number = {2},
    pages = {I33-I47},
    year = {2011},
    doi = {10.1190/1.3548548}
}

@article{camacho-etal2011,
	author = {Camacho, A. G. and Fernández, J. and Gottsmann, J.},
	title = {A new gravity inversion method for multiple subhorizontal discontinuity interfaces and shallow basins},
	journal = {Journal of Geophysical Research: Solid Earth},
	volume = {116},
	number = {B2},
	year = {2011},
	keywords = {gravity inversion, discontinuity interfaces, basins, Tenerife Island},
	doi = {10.1029/2010JB008023},
	url = {https://agupubs.onlinelibrary.wiley.com/doi/abs/10.1029/2010JB008023},
	eprint = {https://agupubs.onlinelibrary.wiley.com/doi/pdf/10.1029/2010JB008023}
}



@article{davis-li2011,
    author = {Davis, Kristofer and Li, Yaoguo},
    title = {Fast solution of geophysical inversion using adaptive mesh, space-filling curves and wavelet compression},
    journal = {Geophysical Journal International},
    volume = {185},
    number = {1},
    doi = {10.1111/j.1365-246X.2011.04929.x},
    pages = {157-166},
    year = {2011}
}

@article{lima-etal2011,
	author = {Williams A. Lima and Cristiano M. Martins and João B. Silva and Valeria C. Barbosa},
	title = {Total variation regularization for depth-to-basement estimate: Part 2 — Physicogeologic meaning and comparisons with previous inversion methods},
	journal = {Geophysics},
	volume = {76},
	number = {1},
	pages = {I13-I20},
	year = {2011},
	doi = {10.1190/1.3524547},
	URL = {https://doi.org/10.1190/1.3524547},
	eprint = {https://doi.org/10.1190/1.3524547}
}

@article{martins-etal2011,
	author = {Cristiano M. Martins and Williams A. Lima and Valeria C. Barbosa and João B. Silva},
	title = {Total variation regularization for depth-to-basement estimate: Part 1 - Mathematical details and applications},
	journal = {Geophysics},
	volume = {76},
	number = {1},
	pages = {I1-I12},
	year = {2011},
	doi = {10.1190/1.3524286},
	URL = {https://doi.org/10.1190/1.3524286},
	eprint = {https://doi.org/10.1190/1.3524286}
}

@article{bagherbandi-eshagh2012,
	author="Bagherbandi, Mohammad and Eshagh, Mehdi",
	title="Crustal thickness recovery using an isostatic model and GOCE data",
	journal="Earth, Planets and Space",
	year="2012",
	month="Nov",
	day="01",
	volume="64",
	number="11",
	pages="1053--1057",
	issn="1880-5981",
	doi="10.5047/eps.2012.04.009",
	url="https://doi.org/10.5047/eps.2012.04.009"
}

@article {baumann-etal2012,
    author = {Baumann, H. and Klingel\'{e}, E.E. and Marson, I.},
    title = {Absolute airborne gravimetry: a feasibility study},
    journal = {Geophysical Prospecting},
    volume = {60},
    number = {2},
    doi = {10.1111/j.1365-2478.2011.00987.x},
    pages = {361-372},
    year = {2012}
}

@article {barnes2012,
    author = {Barnes, Gary},
    title = {Interpolating the gravity field using full tensor gradient measurements},
    journal = {First Break},
    volume = {30},
    pages = {97-101},
    year = {2012}
}

@article{barnes-barraud2012,
	author = {Gary Barnes and Joseph Barraud},
	title = {Imaging geologic surfaces by inverting gravity gradient data with depth horizons},
	journal = {Geophysics},
	volume = {77},
	number = {1},
	pages = {G1-G11},
	year = {2012},
	doi = {10.1190/geo2011-0149.1},
	URL = {https://doi.org/10.1190/geo2011-0149.1},
	eprint = {https://doi.org/10.1190/geo2011-0149.1}
}

@book{torge2012,
  Author = {Wolfgang Torge and J\"{u}rgen M\"{u}ller},
  Title = {Geodesy},
  Publisher = {de Gruyter},
  edition = {4},
  Year = {2012},
  ISBN = {978-3-11-020718-7}
}

@book{whittaker2012,
  Author = {E. T. Whittaker},
  Title = {A History of the Theories of Aether and Electricity: From the Age of Descartes to the Close of the Nineteenth Century (Classic Reprint)},
  Publisher = {Forgotten Books},
  Year = {2012},
  ISBN = {1440044538}
}

@article{oliveirajr-etal2013,
    author = {Oliveira{ }Jr., V. C. and Barbosa, V. C. F. and Uieda, L.},
    title = {Polynomial equivalent layer},
    journal = {Geophysics},
    volume = {78},
    number = {1},
    pages = {G1-G13},
    year = {2013},
    doi = {10.1190/geo2012-0196.1}
}

@book{golub-vanloan2013,
  Author = {Gene H. Golub and Charles F. Van Loan},
  Title = {Matrix Computations (Johns Hopkins Studies in the Mathematical Sciences)},
  Publisher = {Johns Hopkins University Press},
  Year = {2013},
  ISBN = {978-1-4214-0794-4}
}

@article{macLennan-li2013,
    author = {MacLennan, Kris and Li, Yaoguo},
    title = {Denoising multicomponent CSEM data with equivalent source processing techniques},
    volume = {78},
    number = {3},
    pages = {E125-E135},
    year = {2013},
    doi = {10.1190/geo2012-0226.1},
    journal = {Geophysics}
}

@InProceedings{uieda-etal2013,
  author    = { Uieda, L. and Oliveira{ }Jr., V. C. and Barbosa, V. C. F.},
  title     = { Modeling the Earth with Fatiando a Terra },
  booktitle = { Proceedings of the 12th Python in Science Conference },
  pages     = { 96 - 103 },
  year      = { 2013 },
  editor    = { St\'efan van der Walt and Jarrod Millman and Katy Huff },
  url = {http://www.fatiando.org}
}

@misc{barthelmes2013,
	title = {Definition of functionals of the geopotential and their calculation from spherical harmonic models},
	abstract = {Scientific Technical Report; 09/02; ISSN 1610-0956},
	language = {eng},
	publisher = {Deutsches GeoForschungsZentrum (GFZ)},
	author = {Barthelmes, Franz},
	year = {2013},
	doi = {10.2312/GFZ.b103-0902-26}
}

@article{bouman_etal2013,
	title = {Reference frame transformation of satellite gravity gradients and topographic mass reduction},
	volume = {118},
	issn = {2169-9356},
	doi = {10.1029/2012JB009747},
	number = {2},
	journal = {Journal of Geophysical Research: Solid Earth},
	author = {Johannes Bouman and J\"{o}rg Ebbing and Martin Fuchs},
	year = {2013},
	pages = {759-774}
}

@book{sanso_sideris2013,
	address = {Berlin, Heidelberg},
	series = {Lecture {Notes} in {Earth} {System} {Sciences}},
	title = {Geoid {Determination}},
	volume = {110},
	isbn = {978-3-540-74699-7 978-3-540-74700-0},
	url = {http://link.springer.com/10.1007/978-3-540-74700-0},
	urldate = {2018-04-16},
	publisher = {Springer Berlin Heidelberg},
	editor = {Sans\`{o}, Fernando and Sideris, Michael G.},
	year = {2013},
	doi = {10.1007/978-3-540-74700-0}
}


@article{reguzzoni-etal2013,
	author = {Reguzzoni, Mirko and Sampietro, Daniele and Sans{\`o}, Fernando},
	title = {Global Moho from the combination of the CRUST2.0 model and GOCE data},
	journal = {Geophysical Journal International},
	volume = {195},
	number = {1},
	pages = {222-237},
	year = {2013},
	doi = {10.1093/gji/ggt247},
	URL = {http://dx.doi.org/10.1093/gji/ggt247},
	eprint = {/oup/backfile/content_public/journal/gji/195/1/10.1093_gji_ggt247/2/ggt247.pdf}
}

@book{sen-stoffa2013,
	address = {Cambridge, New York},
	edition = {Second edition},
	title = {Global optimization methods in geophysical inversion},
	isbn = {978-1-107-01190-8},
	publisher = {Cambridge University Press},
	author = {Sen, Mrinal K. and Stoffa, Paul L.},
	year = {2013}
}

@article{vandermeijde-etal2013,
title = "Gravity derived Moho for South America",
journal = "Tectonophysics",
volume = "609",
pages = "456 - 467",
year = "2013",
note = "Moho: 100 years after Andrija Mohorovicic",
issn = "0040-1951",
doi = "https://doi.org/10.1016/j.tecto.2013.03.023",
url = "http://www.sciencedirect.com/science/article/pii/S0040195113001972",
author = "M. van der Meijde and J. Juli{\`a} and M. Assump{\c c}{\~ a}o",
keywords = "Gravity, Satellite, GOCE, Moho, Crustal thickness"
}

@article{wessel2013,
  title = {Generic {{Mapping Tools}}: {{Improved Version Released}}},
  volume = {94},
  issn = {2324-9250},
  shorttitle = {Generic {{Mapping Tools}}},
  doi = {10.1002/2013EO450001},
  number = {45},
  journal = {Eos, Transactions American Geophysical Union},
  author = {Wessel, Paul and Smith, Walter H. F. and Scharroo, Remko and Luis, Joaquim and Wobbe, Florian},
  year = {2013},
  pages = {409-410},
}

@article{barzaghi-biagi2014,
	title = {The collocation approach to {Moho} estimate},
	issn = {15935213},
	url = {http://www.annalsofgeophysics.eu/index.php/annals/article/view/6367},
	doi = {10.4401/ag-6367},
	language = {eng},
	number = {1},
	urldate = {2018-08-10},
	journal = {Annals of Geophysics},
	author = {Barzaghi, Riccardo and Biagi, Ludovico},
	month = mar,
	year = {2014}
}

@article{salem-etal2014,
	author = {Ahmed Salem and Chris Green and Matthew Stewart and Davide De Lerma},
	title = {Inversion of gravity data with isostatic constraints},
	journal = {GEOPHYSICS},
	volume = {79},
	number = {6},
	pages = {A45-A50},
	year = {2014},
	doi = {10.1190/geo2014-0220.1},
	URL = {https://doi.org/10.1190/geo2014-0220.1},
	eprint = {https://doi.org/10.1190/geo2014-0220.1}
}

@article{stica-etal2014,
	title = "The evolution of rifting on the volcanic margin of the Pelotas Basin and the contextualization of the Paraná–Etendeka LIP in the separation of Gondwana in the South Atlantic",
	journal = "Marine and Petroleum Geology",
	volume = "50",
	pages = "1 - 21",
	year = "2014",
	issn = "0264-8172",
	doi = "https://doi.org/10.1016/j.marpetgeo.2013.10.015",
	url = "http://www.sciencedirect.com/science/article/pii/S0264817213002675",
	author = "Juliano Magalh{\~ a}es Stica and Pedro Victor Zal{\' a}n and Andr{\' e} Luiz Ferrari",
	keywords = "Pelotas Basin, Paraná–Etendeka LIP, Volcanic margin, Rifting evolution, SDR, Breakup unconformity, Post-rift unconformity, Magnetic anomaly"
}

@article{kara-etal2014,
    author = {Kara, \.{I}. and Bal, O. T. and Tur, H. and Ates, A.},
    title = {A new efficient method for topographic distortion correction, analytical continuation, vertical derivatives and using equivalent source technique: Application to field data},
    journal = {Journal of Applied Geophysics},
    volume = {106},
    pages = {67-76},
    year = {2014},
    doi = {10.1016/j.jappgeo.2014.04.011}
}

@article{li-nabighian-oldenburg2014,
    author = {Yaoguo Li and Misac Nabighian and Douglas W. Oldenburg},
    title = {Using an equivalent source with positivity for low-latitude reduction to the pole without striation},
    journal = {Geophysics},
    volume = {79},
    number = {6},
    pages = {J81-J90},
    year = {2014},
    doi = {10.1190/geo2014-0134.1}
}

@article {barnes2014,
    author = {Barnes, Gary},
    title = {Reconstructing the gravity gradient anomaly field from surveys with wide line spacing using equivalent source processing: an error analysis},
    journal = {Geophysical Prospecting},
    volume = {62},
    number = {3},
    doi = {10.1111/1365-2478.12098},
    pages = {646-657},
    year = {2014}
}

@misc{forste2014,
  title = {{{EIGEN}}-{{6C4 The}} Latest Combined Global Gravity Field Model Including {{GOCE}} Data up to Degree and Order 2190 of {{GFZ Potsdam}} and {{GRGS Toulouse}}},
  language = {eng},
  howpublished = {https://doi.org/10.5880/icgem.2015.1},
  journal = {GFZ Data Services},
  author = {F{\"o}rste, Christoph and Bruinsma, Sean.L. and Abrikosov, Oleg and Lemoine, Jean-Michel and Marty, Jean Charles and Flechtner, Frank and Balmino, G. and Barthelmes, F. and Biancale, R.},
  year = {2014},
  doi = {10.5880/icgem.2015.1}
}

@article{silva-etal2014,
	author = {Jo{\~a}o B. C. Silva and Darcicl{\'e}a F. Santos and Karina P. Gomes},
	title = {Fast gravity inversion of basement relief},
	journal = {Geophysics},
	volume = {79},
	number = {5},
	pages = {G79-G91},
	year = {2014},
	doi = {10.1190/geo2014-0024.1},
	URL = {https://doi.org/10.1190/geo2014-0024.1},
	eprint = {https://doi.org/10.1190/geo2014-0024.1}
}

@article{sampietro2015,
	author = {Sampietro, D.},
	title = {Geological units and Moho depth determination in the Western Balkans exploiting GOCE data},
	journal = {Geophysical Journal International},
	volume = {202},
	number = {2},
	pages = {1054-1063},
	year = {2015},
	doi = {10.1093/gji/ggv212},
	URL = {http://dx.doi.org/10.1093/gji/ggv212},
	eprint = {/oup/backfile/content_public/journal/gji/202/2/10.1093/gji/ggv212/2/ggv212.pdf}
}

@article{santos-etal2015,
	author = {Darcicl{\'e}a F. Santos and Jo{\~a}o B. C. Silva and Cristiano M. Martins and Raphael Di Carlo S. dos Santos and Laisse C. Ramos and Ana Carolina M. de Ara{\'u}jo},
	title = {Efficient gravity inversion of discontinuous basement relief},
	journal = {GEOPHYSICS},
	volume = {80},
	number = {4},
	pages = {G95-G106},
	year = {2015},
	doi = {10.1190/geo2014-0513.1},
	URL = {https://doi.org/10.1190/geo2014-0513.1},
	eprint = {https://doi.org/10.1190/geo2014-0513.1}
}

@TechReport{ibge_mapgeo2015,
    author = {IBGE},
    title = {O novo modelo de ondula\c{c}\~{a}o geoidal do Brasil: MAPGEO2015},
    institution = {Instituto Brasileiro de Geografia e Estat\'{i}stica (IBGE)},
    year = {2015},
    url = {https://www.ibge.gov.br/geociencias-novoportal/informacoes-sobre-posicionamento-geodesico/servicos-para-posicionamento-geodesico.html}
}


@inproceedings{zalan2015,
	author = {Pedro Victor Zal{\' a}n},
	title = {Similarities and Differences between Magma-Poor and Volcanic Passive Margins – Applications to the Brazilian Marginal Basins},
	booktitle = {14th International Congress of the Brazilian Geophysical Society {\&} EXPOGEF, Rio de Janeiro, Brazil, 3-6 August 2015},
	pages = {37-42},
	year = {2015},
	doi = {10.1190/sbgf2015-007},
	URL = {https://library.seg.org/doi/abs/10.1190/sbgf2015-007},
	eprint = {https://library.seg.org/doi/pdf/10.1190/sbgf2015-007}
}


@article{martinez-li2016,
    author={Cericia Martinez and Yaoguo Li},
    title = {Denoising of gravity gradient data using an equivalent source technique},
    journal = {Geophysics},
    volume = {81},
    number = {4},
    pages = {G67-G79},
    year = {2016},
    doi = {10.1190/geo2015-0379.1}
}

@inbook{ferderer-etal2017,
	author = {Robert Ferderer and John Mariano and Jeffrey Shoffner},
	title = {Inversion of gravity data using general local isostasy},
	booktitle = {SEG Technical Program Expanded Abstracts 2017},
	chapter = {},
	pages = {1718-1722},
	year = {2017},
	doi = {10.1190/segam2017-17676109.1},
	URL = {https://library.seg.org/doi/abs/10.1190/segam2017-17676109.1},
	eprint = {https://library.seg.org/doi/pdf/10.1190/segam2017-17676109.1}
}


@patent{salem2017,
	author = {Ahmed Salem},
	title = {Gravity modeling a rifted continental margin},
	number = {WO2017131848A1},
	year = {2017},
	url = {https://patentscope.wipo.int/search/en/detail.jsf?docId=WO2017131848}
}


@article{garcia-abdeslem2017,
	author = {Juan Garc{\' i}a-Abdeslem},
	title = {Nonlinear inversion of isostatic residual gravity data from Montage Basin, northern Gulf of California},
	journal = {GEOPHYSICS},
	volume = {82},
	number = {3},
	pages = {G45-G55},
	year = {2017},
	doi = {10.1190/geo2016-0144.1},
	URL = {https://doi.org/10.1190/geo2016-0144.1},
	eprint = {https://doi.org/10.1190/geo2016-0144.1}
}

@article{silva-santos2017,
	author = {Jo{\~a}o B. C. Silva and Darcicl{\'e}a F. Santos},
	title = {Efficient gravity inversion of basement relief using a versatile modeling algorithm},
	journal = {GEOPHYSICS},
	volume = {82},
	number = {2},
	pages = {G23-G34},
	year = {2017},
	doi = {10.1190/geo2015-0627.1},
	URL = {https://doi.org/10.1190/geo2015-0627.1},
	eprint = {https://doi.org/10.1190/geo2015-0627.1}
}

@article{uieda-barbosa2017,
	author = {Uieda, Leonardo and Barbosa, Valéria C.F.},
	title = {Fast nonlinear gravity inversion in spherical coordinates with application to the South American Moho},
	journal = {Geophysical Journal International},
	volume = {208},
	number = {1},
	pages = {162-176},
	year = {2017},
	doi = {10.1093/gji/ggw390},
	URL = {http://dx.doi.org/10.1093/gji/ggw390},
	eprint = {/oup/backfile/content_public/journal/gji/208/1/10.1093_gji_ggw390/3/ggw390.pdf}
}

@article{watts-moore2017,
	author = {Watts, A. B. and Moore, J. D. P.},
	title = {Flexural Isostasy: Constraints From Gravity and Topography Power Spectra},
	journal = {Journal of Geophysical Research: Solid Earth},
	year = {2017},
	volume = {122},
	number = {10},
	pages = {8417-8430},
	keywords = {gravity, isostasy, tectonics, flexure, convection},
	doi = {10.1002/2017JB014571},
	url = {https://agupubs.onlinelibrary.wiley.com/doi/abs/10.1002/2017JB014571},
	eprint = {https://agupubs.onlinelibrary.wiley.com/doi/pdf/10.1002/2017JB014571}
}
